@mastersthesis{TorgeirMR,
    author    = "Torgeir Pedersen Cook",
    title     = "Internet Control for Residential Users",
    school    = "Norwegian University of Science and Technology",
    type     = "diploma thesis",
    year      = "2013",
    month    = "September"
}

@article{MobilePhoneSociology,
    author  = "Jim McGuigan",
    title   = "Towards a Sociology og the Mobile Phone",
    year    = "2005",
    journal = "Human Technology",
    volume  = "1",
    number  = "1",
    pages   = "45-57"
}

@misc{MobileOSMarketShare,
  author = "Emil Protalinski",
  title = "IDC: Android hit 81.0\% smartphone share in Q3 2013, iOS fell to 12.9\%, Windows Phone took 3.6\%, BlackBerry at 1.7\%",
  year = "2013",
  url = "http://thenextweb.com/insider/2013/11/12/idc-android-hit-81-0-smartphone-share-q3-2013-ios-fell-12-9-windows-phone-took-3-6-blackberry-1-7/",
}

@misc{Norton,
  author = "Norton Family",
  title = "https://onlinefamily.norton.com/familysafety/loginStart.fs",
  year = "2013",
  url = "https://onlinefamily.norton.com/familysafety/loginStart.fs"
}

@misc{K9,
  author = "K9 Web Protection",
  title = "http://www1.k9webprotection.com/",
  year = "2013",
  url = "http://www1.k9webprotection.com/"
}

@misc{OpenDNS,
  author = "OpenDNS Parental Control Solutions",
  title = "http://www.opendns.com/home-solutions/parental-controls/",
  year = "2013",
  url = "http://www.opendns.com/home-solutions/parental-controls/"
}

@misc{kickstarterCircle,
  author = "Kickstarter--Meet Circle",
  title = "http://www.kickstarter.com/projects/304157069/meet-circle",
  year = "2013",
  url = "http://www.kickstarter.com/projects/304157069/meet-circle",
}

@misc{Circle,
  author = "Meet Circle",
  title = "http://meetcircle.co/",
  year = "2013",
  url = "http://meetcircle.co/"
}

@misc{ninja_sphere,
  author = "NINJA SPHERE: Next Generation Control of Your Environment",
  title = "http://www.kickstarter.com/projects/ninja/ninja-sphere-next-generation-control-of-your-envir?ref=users",
  year = "2013",
  url = "http://www.kickstarter.com/projects/ninja/ninja-sphere-next-generation-control-of-your-envir?ref=users"
}

@misc{TorgierGit,
  author = "Github--Torgeir Pedersen Cook",
  title = "https://github.com/TorgeirCook",
  year = "2013",
  url = "https://github.com/TorgeirCook"
}

@misc{xcode,
  author = "Xcode",
  title = "https://developer.apple.com/technologies/tools/",
  year = "2013",
  url = "https://developer.apple.com/technologies/tools/"
}

@misc{adt,
  author = "ADT Plugin",
  title = "http://developer.android.com/tools/sdk/eclipse-adt.html",
  year = "2013",
  url = "http://developer.android.com/tools/sdk/eclipse-adt.html"
}

@misc{phpmyadmin,
  author = "Wikipedia--phpMyAdmin",
  title = "http://en.wikipedia.org/wiki/PhpMyAdmin",
  year = "2013",
  url = "http://en.wikipedia.org/wiki/PhpMyAdmin"
}

@misc{csmodel,
  author = "Wikipedia--Clientâ€“server model",
  title = "http://en.wikipedia.org/wiki/Client-server\_model",
  year = "2013",
  url = "http://en.wikipedia.org/wiki/Client-server\_model"
}

@misc{rpi,
  author = "Wikipedia--Raspberry Pi",
  title = "http://en.wikipedia.org/wiki/Raspberry\_Pi",
  year = "2013",
  url = "http://en.wikipedia.org/wiki/Raspberry\_Pi"
}

@misc{raspbian,
  author = "Raspbian",
  title = "http://www.raspbian.org/",
  year = "2013",
  url = "http://www.raspbian.org/"
}

@misc{hostapd,
  author = "hostapd Linux",
  title = "http://wireless.kernel.org/en/users/Documentation/hostapd",
  year = "2013",
  url = "http://wireless.kernel.org/en/users/Documentation/hostapd"
}

@misc{dhcp,
  author = "Wikipedia--Dynamic Host Configuration Protocol",
  title = "http://en.wikipedia.org/wiki/Dynamic\_Host\_Configuration\_Protocol",
  year = "2013",
  url = "http://en.wikipedia.org/wiki/Dynamic\_Host\_Configuration\_Protocol"
}

@misc{dnsmasq,
  author = "Dnsmasq",
  title = "http://www.thekelleys.org.uk/dnsmasq/doc.html",
  year = "2013",
  url = "http://www.thekelleys.org.uk/dnsmasq/doc.html"
}